@article{donahue2016adversarial,
  title={Adversarial Feature Learning},
  author={Donahue, Jeff and Kr{\"a}henb{\"u}hl, Philipp and Darrell, Trevor},
  journal={arXiv preprint arXiv:1605.09782},
  year={2016}
}

@inproceedings{goodfellow2014generative,
  title={Generative adversarial nets},
  author={Goodfellow, Ian and Pouget-Abadie, Jean and Mirza, Mehdi and Xu, Bing and Warde-Farley, David and Ozair, Sherjil and Courville, Aaron and Bengio, Yoshua},
  booktitle={Advances in Neural Information Processing Systems},
  pages={2672--2680},
  year={2014}
}

@article{kingma2013auto,
  title={Auto-encoding variational bayes},
  author={Kingma, Diederik P and Welling, Max},
  journal={arXiv preprint arXiv:1312.6114},
  year={2013}
}
@article{odena2016semi,
  title={Semi-Supervised Learning with Generative Adversarial Networks},
  author={Odena, Augustus},
  journal={arXiv preprint arXiv:1606.01583},
  year={2016}
}
@article{radford2015unsupervised,
  title={Unsupervised representation learning with deep convolutional generative adversarial networks},
  author={Radford, Alec and Metz, Luke and Chintala, Soumith},
  journal={arXiv preprint arXiv:1511.06434},
  year={2015}
}
@inproceedings{salimans2016improved,
  title={Improved techniques for training gans},
  author={Salimans, Tim and Goodfellow, Ian and Zaremba, Wojciech and Cheung, Vicki and Radford, Alec and Chen, Xi},
  booktitle={Advances in Neural Information Processing Systems},
  pages={2226--2234},
  year={2016}
}
@article{szegedy2013intriguing,
  title={Intriguing properties of neural networks},
  author={Szegedy, Christian and Zaremba, Wojciech and Sutskever, Ilya and Bruna, Joan and Erhan, Dumitru and Goodfellow, Ian and Fergus, Rob},
  journal={arXiv preprint arXiv:1312.6199},
  year={2013}
}

@article{goodfellow2014explaining,
  title={Explaining and harnessing adversarial examples},
  author={Goodfellow, Ian J and Shlens, Jonathon and Szegedy, Christian},
  journal={arXiv preprint arXiv:1412.6572},
  year={2014}
}
@article{yosinski2015understanding,
  title={Understanding neural networks through deep visualization},
  author={Yosinski, Jason and Clune, Jeff and Nguyen, Anh and Fuchs, Thomas and Lipson, Hod},
  journal={arXiv preprint arXiv:1506.06579},
  year={2015}
}
@misc{advexmlgan,
    author       = "Fei Xia, Ruishan Liu",
    title        = "Adversarial Examples Generation and Defense Based on Generative Adversarial Network",
    howpublished = "http://cs229.stanford.edu/proj2016/report/LiuXia-AdversarialExamplesGenerationAndDefenseBasedOnGenerativeAdversarialNetwork-report.pdf",
    month        = "dec",
    year         = "2016"
}